@article{zou2019object,
  title={Object detection in 20 years: A survey},
  author={Zou, Zhengxia and Shi, Zhenwei and Guo, Yuhong and Ye, Jieping},
  journal={arXiv preprint arXiv:1905.05055},
  year={2019}
}

@manual{tracitareport,
  title        = {Artificial Intelligence statistics},
  author       = {Tracita},
  url          = {https://www.tractica.com/newsroom/press-releases/computer-vision-hardware-and-software-market-to-reach-48-6-billion-by-2022/},
}

@techreport{summervision,
  author      = {Seymour Papert, Marvin Minsky},
  title       = {The Summer Vision Project},
  institution = {MIT Artificial Intelligence},
  year        = {1966},
  url         = {http://people.csail.mit.edu/brooks/idocs/AIM-100.pdf},
}

@misc{agrawal2010study,
      title={To study the phenomenon of the Moravec's Paradox}, 
      author={Kush Agrawal},
      year={2010},
      eprint={1012.3148},
      archivePrefix={arXiv},
      primaryClass={cs.AI}
}

@article{aiwinter,
  author          = {AI Newsletter},
  title           = {AI Expert Newsletter: W is for Winter},
  year            = {9 November 2013}
} 

@manual{deepblue,
  title        = {Deep Blue versus Garry Kasparov},
  author       = {Wikipedia},
  url          = {https://en.wikipedia.org/wiki/Deep_Blue_versus_Garry_Kasparov},
}

@article{708428,
  author={M. A. {Hearst} and S. T. {Dumais} and E. {Osuna} and J. {Platt} and B. {Scholkopf}},
  journal={IEEE Intelligent Systems and their Applications}, 
  title={Support vector machines}, 
  year={1998},
  volume={13},
  number={4},
  pages={18-28},
  doi={10.1109/5254.708428}
}

@article{medsker2001recurrent,
  title={Recurrent neural networks},
  author={Medsker, Larry R and Jain, LC},
  journal={Design and Applications},
  volume={5},
  year={2001},
  publisher={CRC press}
}
